@misc{lion-bind,
 author = {{US-CERT}},
 title = {Vulnerability Note VU\#196945 - ISC BIND 8 contains buffer overflow in transaction signature (TSIG) handling code},
 howpublished =
 {\url{http://www.kb.cert.org/vuls/id/196945}}
}

@InProceedings{hangal:PLDI2002,
  author = 	 {Sudheendra Hangal and Monica S Lam},
  title = 	 {Tracking Down Software Bugs Using Automatic Anomaly Detection},
  booktitle = {Proceedings of the $24^{th}$ International Conference
  on Programming Language Design and Implementation ({PLDI})},
  month = {May},
  Year = {2002}
}


@Article{ernest:TSE2001,
 author = {M. D. Ernest and J. Cockrell and W. G. Griswold and
 D. Notkin},
 title = {Dynamically Discovering likely program invariants to support
 program evoluation},
 journal = { {IEEE} Transactions on Software Engineering},
  year = 	 {2001},
  month = {Feb},
  Volume = {27},
  number = {2}
}

@inproceedings{shield_wang:2004,
 author = {Helen J Wang and Chuanxiong Guo and Daniel Simon and Alf
 Zugenmaier},
 title = { Shield: Vulnerability-Driven Network Filters for Preventing
 Known Vulnerability Exploits },
 booktitle = {Proc. of the 2004 {ACM} {SIGCOMM} Conference},
 year = {2004},
 month = {August}
}

@article{bro_paxson:1999,
 author = {Vern Paxson},
 title = {Bro: A system for detecting network intruders in real-time},
 month={December},
 year = {1999},
volume = {31},
journal = {computer networks}
}

@misc{cisco_idsm,
 author = { {CISCO}},
 title = {Cisco Secure Intrusion Detection System Director - String
 Matching Signatures},
 howpublished =
 {\url{http://www.cisco.com/univercd/cc/td/doc/product/iaabu/csids/csids5/csidscog/sigs.htm#wp1015446}}
}

@misc{shoki_ids,
 author = {Stephen P Berry},
 title = {Shoki Intrusion Detection System},
 howpublished = {\url{shoki.sf.net}}
}

@misc{pakemon_ids,
 author = {Keiji Takeda},
 title = {Pakemon Intrusion Detection system},
 howpublished = {\url{http://www.inas.mag.keio.ac.jp/ids/pakemon/index.html}},
 note = {referenced by http://www.whitehats.com/ids/}
}

@misc{dragon_sensor_ids,
 author = {Enterasys},
 title = {Dragon Intrusion detection system},
 howpublished = {\url{http://www.enterasys.com/products/ids/}},
 note = {referenced by http://www.whitehats.com/ids/}
}

@misc{nfr_ids,
 author = {NFR},
 title = {Network Flight Recorder intrusion detection system},
 howpublished = {\url{http://www.nfr.com}},
}



@Misc{admmutate,
  title = 		 {K2, ADMmutate},
  howpublished = {\url{http://www.ktwo.ca/c/ADMmutate-0.8.4.tar.gz}},
  added-by =	 {dawnsong},
  added-at =	 {Fri Nov  5 05:43:52 2004}
}

@InProceedings{safe,
  author = 		 {C. Christodorescu and S. Jha},
  title = 		 {Static Analysis of Executables to Detect Malicious 
Patterns},
  booktitle =	 {Proceedings of the 12th USENIX Security Symposium},
  year =		 2003,
  added-by =	 {dawnsong},
  added-at =	 {Fri Nov  5 05:43:52 2004}
}

@InProceedings{jordanMETAMOPRHIC:2002,
  author = 		 {M. Jordan},
  title = 		 {Dealing with Metamorphism},
  booktitle =	 {Virus Bulletin Magazine},
  year =		 2002,
  added-by =	 {dawnsong},
  added-at =	 {Fri Nov  5 05:43:52 2004}
}

@Misc{clet,
  author = 		 {T. Detristan and T. Ulenspiegel and Y. Malcom and M. Von Underduk},
  title = 		 {Polymorphic 
Shellcode Engine Using Spectrum Analysis},
  howpublished = {\url{http://www.phrack.org/show.php?p=61&a=9}},
  added-by =	 {dawnsong},
  added-at =	 {Fri Nov  5 05:42:42 2004}
}




@Article{viruspoly,
  author = 		 {Carey Nachanberg},
  title = 		 {  Computer Virus-Antivirus Coevolution},
  journal = 	 {Communications of The ACM},
  year = 		 1997,
  added-by =	 {dawnsong},
  added-at =	 {Fri Nov  5 05:34:56 2004}
}

@InProceedings{libsafeplus,
  author = 		 {Kumar Avijit and Prateek Gupta and Deepak Gupta},
  title = 		 {TIED, LibsafePlus: Tools for Runtime Buffer Overflow
                  Protection},
  booktitle =	 {USENIX Security Symposium},
  year =		 2004,
  month =		 {August},
  added-by =	 {dawnsong},
  added-at =	 {Tue Aug 24 13:11:22 2004}
}

@InProceedings{szorMETAMORPHIC:2001,
  author = 		 {Peter Szor},
  title = 		 {Hunting for Metamorphic},
  booktitle =	 {Virus Bulletin Conference},
  year =		 2001,
  added-by =	 {dawnsong},
  added-at =	 {Tue Aug 24 13:04:37 2004}
}

@InProceedings{giovanni,
  author = 		 {C. Kruegel and G. Vigna},
  title = 		 {Anomaly Detection of Web-based Attacks},
  booktitle =	 {ACM CCS},
  year =		 2003,
  added-by =	 {dawnsong},
  added-at =	 {Tue Aug 24 12:59:05 2004}
}

@InProceedings{buttercup,
  author = 		 {Archana Pasupulati and Jason Coit and Karl Levitt
                  and Felix Wu},
  title = 		 {Buttercup: On Network-based Detection of Polymorphic
                  Buffer Overflow Vulnerabilities},
  booktitle =	 {IEEE/IFIP Network Operation and Management Symposium},
  year =		 2004,
  month =		 {May},
  added-by =	 {dawnsong},
  added-at =	 {Mon Aug 23 17:39:12 2004}
}

@InProceedings{minos:2004,
  author = 		 {Jedidiah R. Crandall and Fred Chong},
  title = 		 {Minos: Architectural Support for Software Security
                  through Control Data Integrity},
  booktitle =	 {To appear in International Symposium on Microarchitecture},
  year =		 2004,
  month =		 {December},
  added-by =	 {dawnsong},
  added-at =	 {Mon Aug 23 16:01:56 2004}
}

@InProceedings{taintbochs-usenix04,
  author = 		 {Jim Chow and Ben Pfaff and Tal Garfinkel and Kevin
                  Christopher and Mendel Rosenblum},
  title = 		 {Understanding Data Lifetime via Whole System Simulation},
  booktitle =	 {USENIX Security Symposium},
  year =		 2004,
  month =		 {August},
  added-by =	 {dawnsong},
  added-at =	 {Mon Aug 23 15:32:14 2004}
}

@Misc{perl,
  title =		 {Perl Security Manual Page},
  howpublished = {\url{http://www.perldoc.com}},
  added-by =	 {dawnsong},
  added-at =	 {Mon Aug 23 15:14:26 2004}
}

@InProceedings{vaccine,
 author =       {Stelios Sidiroglou and Angelos D. Keromytis},
 title =        {A Network Worm Vaccine Architecture},
 booktitle =    {Proceedings of the IEEE International Workshops on
Enabling Technologies: Infrastructure for Collaborative Enterprises
({WETICE}), Workshop on Enterprise Security},
 year =         2003,
 month =        jun,
 pages =        {220--225},
 added-by =     {avi},
 added-at =     {Sat Feb  8 02:00:00 2004}
}

@misc{atphttpd,
	author = "Yann Ramin",
	title = "{ATPhttpd}",
	howpublished = "{http://www.redshift.com/$\sim$yramin/atp/atphttpd/}"
}

@misc{atphttpd-exploit,
	author = "r-code",
	title = "{ATPhttpd} exploit",
	howpublished = "{http://www.cotse.com/mailing-lists/todays/att-0003/01-atphttp0x06.c}"
}

%description of IIS exploit that we inadvertently found
@misc{ida-exploit,
	author = "{eEye Digital Security}",
	title = "Advisory {AD20010618}",
	howpublished = "http://www.eeye.com/html/Research/Advisories/AD20010618.html"
}

% classification of traffic types for QOS
@misc{nbar,
        author = "Cisco Systems",
        title = "Network-based application recognition",
        howpublished = {\url{http://www.cisco.com/univercd/cc/td/doc/product/software/ios122/122newft/122t/122t8/dtnbarad.htm}},
}

@misc{snort,
	author = "The Snort Project",
	title = "Snort, the open-source network intrusion detection system",
	howpublished = "http://www.snort.org/",
}


@inproceedings{szor:2001,
	author = "Peter Szor",
	title = "Hunting for Metamorphic",
	booktitle = "Proceedings of the Virus Bulletin Conference",
	year = 2001,
}

%honeycomb
@inproceedings{honeycomb:2003,
	author = {Christian Kreibich and Jon Crowcroft},
	title = "Honeycomb - Creating Intrusion Detection Signatures 
		Using Honeypots",
	year = 2003,
	month = "November",
	booktitle = "Proceedings of the Second Workshop on Hot Topics in 
		Networks (HotNets-II)"
}


%autograph
@inproceedings{kim_autograph:2004,
	author = {Hyang-Ah Kim and Brad Karp},
	title = "Autograph: toward automated, distributed worm signature
		detection",
	month = "August",
	year = 2004,
	booktitle = "Proceedings of the 13th USENIX Security Symposium",
}


%earlybird
@techreport{singh_earlybird:2003,
	author = {Sumeet Singh and Cristian Estan and George Varghese and 
		Stefan Savage},
	title = "The {EarlyBird} system for real-time detection of
		unknown worms",
	month = "August",
	year = "2003",
	institution = "University of California, San Diego",
	number = "CS2003-0761"
}

@inproceedings{earlybird,
	author = {Sumeet Singh and Cristian Estan and George Varghese and 
		Stefan Savage},
	title = "Automated worm fingerprinting",
	month = dec,
	year = 2004,
	booktitle = "Proceedings of the 6th ACM/USENIX Symposium on Operating System Design and Implementation (OSDI)",
}

%given an executable, detect obfuscated versions of it
@inproceedings{christo:2003,
	author = {Mihai Christodorescu and Somesh Jha},
	title = "Static Analysis of Executables to Detect Malicious Patterns",
	month = "August",
	year = "2003",
	booktitle = "Proceedings of the 12th USENIX Security Symposium"
}

@inproceedings{cowan:2001,
	author = {Crispin Cowan and Matt Barringer and Steve Beattie
		and Greg Kroah-Hartman},
	title = "{FormatGuard}: automatic protection from printf format
		string vulnerabilities",
	month = "August",
	year = 2001,
	booktitle = "Proceedings of the 10th USENIX Security Symposium",
}

@inproceedings{cowan:1998,
	author = {Crispin Cowan and Calton Pu and Dave Maier and 
		Jonathon Walpole and Peat Bakke and Steve Beattie and
		Aaron Grier and Perry Wagle and Qian Zhang and Heather Hinton},
	title = "{StackGuard}: automatic adaptive detection and prevention
		of buffer-overflow attacks",
	month = "January",
	year = 1998,
	booktitle = "Proceedings of the 7th USENIX Security Symposium",
}

@inproceedings{ko:2000,
	author = {Calvin Ko and Timothy Fraser and Lee Badger and
		Douglas Kilpatrick},
	title = "Detecting and countering system intrusions using software
		wrappers",
	month = "August",
	year = 2000,
	booktitle = "Proceedings of the 9th USENIX Security Symposium",
}

@inproceedings{kiriansky:2002,
	author = "Vladimir Kiriansky and Derek Bruening and Saman Amarasinghe",
	title = "Secure Execution Via Program Shepherding",
	booktitle = "Proceedings of the 11th USENIX Security Symposium",
	month = "August",
	year = "2002",
}

@inproceedings{larson:2003,
	author = "Eric Larson and Todd Austin",
	title = "High coverage detection of input-related security faults",
	booktitle = "Proceedings of the 12th USENIX Security Symposium",
	month = "August",
	year = "2003",
}

@inproceedings{kc:2003,
	author = "Gaurav S. Kc and Angelos D. Keromytis 
		and Vassilis Prevelakis",
	title = "Countering code-injection attacks with instruction-set 
		randomization", 
	booktitle = "Proceedings of the 10th ACM conference on Computer and 
		Communication Security",
	year = 2003,
}

@inproceedings{necula:2002,
    author = "George C. Necula and Scott Mc{P}eak and Westley Weimer",
    title = "{CCured}: type-safe retrofitting of legacy code",
    booktitle = "Proceedings of the Symposium on Principles of Programming 
		Languages",
    year = "2002",
}


@inproceedings{bhatkar:2003,
	author = "Sandeep Bhatkar and Daniel C. DuVarney and R. Sekar",
	title = "Address Obfuscation: An Efficient Approach to Combat 
		a Broad Range of Memory Error Exploits",
	booktitle = "Proceedings of the 12th USENIX Security Symposium",
	month = "August",
	year = "2003",
}

%This paper is the seminal one on full bounds protection:
@inproceedings{joneskelly:1997,
 author = {Richard Jones and Paul Kelly},
 title = {Backwards-compatible bounds checking for arrays and pointers
  in {C} Programs},
  booktitle = {Proceedings of the Third International Workshop on 
		Automated Debugging},
  year = "1995"
}

%An improvement on full bounds protection in C:
@inproceedings{tunji:2004,
 author = {Olatunji Ruwase and Monica Lam},
  title = {A Practical Dynamic Buffer Overflow Detector},
  year = {2004},
  month = {February},
  booktitle = {Proceedings of the 11th Annual Network and Distributed 
	System Security
Symposium}
}

%The SFI paper from class:
@inproceedings{wahbe:1993,
 author = {Robert Wahbe and Steven Lucco and Thomas Anderson and Susan
 Graham},
 title = {Efficient Software-Based Fault Isolation},
 booktitle = {Proceedings of the Symposium on Operating System 
		Principles (SOSP)},
 year = {1993}
}

%The tainted analysis with CQUAL:
@inproceedings{shankar:01,
author = {Umesh Shankar and Kunal Talwar and Jeffrey Foster and David
Wagner},
title = {Detecting Format-String Vulnerabilities with Type
Qualifiers},
booktitle = "Proceedings of the 10th {USENIX} Security Symposium",
year = "2001"
}

%The general type qualifiers paper for CQUAL:
@inproceedings{foster:1999,
  author = {Jeffrey Foster and Manuel Fahndrich and Alexander Aiken},
  title = {A Theory of Type Qualifiers},
  booktitle = {Proceedings of the ACM SIGPLAN Conference on 
	Programming Language Design and Implementation (PLDI)},
  year = "1999"
}

@InProceedings{net:valgrind2003,
    author      = {Nicholas Nethercote and Julian Seward},
    title       = {Valgrind: A Program Supervision Framework},
    booktitle   = {Proceedings of the Third Workshop on Runtime Verification
                   (RV'03)},
    year        = 2003,
    month       = jul,
    address     = {Boulder, Colorado, USA},
    summary     = {Overview of Valgrind, concentrating on core and core/skin
                   interface.  A little bit of Memcheck as an example skin.
                   Has some performance figures for some SPEC2000 benchmarks.},
}

@InProceedings{net:bounds-checking2004,
    author      = {Nicholas Nethercote and Jeremy Fitzhardinge},
    title       = {Bounds-Checking Entire Programs without Recompiling},
    booktitle   = {Proceedings of the Second Workshop on Semantics, Program
                   Analysis, and Computing Environments for Memory Management
                   (SPACE 2004)},
    year        = 2004,
    month       = jan,
    address     = {Venice, Italy},
    note        = {(Proceedings not formally published.)},
    summary     = {Detailed description of Annelid.}
}

@InProceedings{net:redux2003,
    author      = {Nicholas Nethercote and Alan Mycroft},
    title       = {Redux: A Dynamic Dataflow Tracer},
    booktitle   = {Proceedings of the Third Workshop on Runtime Verification
                   (RV'03)},
    year        = 2003,
    month       = jul,
    address     = {Boulder, Colorado, USA},
    summary     = {Description of Redux.  Lots of examples, particularly fac(5)
                   essence comparisons in C, stack machine interpreter, and
                   Haskell. Also demonstrates program slicing, and discusses
                   other possible uses of Redux.}
}

@Article{winnow,
  author = 		 {N. Littlestone},
  title = 		 {Learning quickly when irrelevant attributes abound:
                  A new linear threshold algorithm},
  journal = 	 {Machine Learning},
  year = 		 1988,
  volume =		 2,
  number =		 {285-318},
  added-by =	 {dawnsong},
  added-at =	 {Tue May  4 21:48:53 2004}
}

@InProceedings{winnow-noise,
  author = 		 {N. Littlestone},
  title = 		 {Redundant noisy attributes, attribute errors, and
                  linear-threshold learning using winnow},
  booktitle =	 {Proceedings of the Fourth Annual Workshop on
                  Computational Learning Theory},
  pages =		 {147-156},
  year =		 1991,
  added-by =	 {dawnsong},
  added-at =	 {Tue May  4 21:51:25 2004}
}

@Article{blum92,
  author = 		 {A. Blum},
  title = 		 {Learning boolean functions in an infinite attribute space},
  journal = 	 {Machine Learning},
  year = 		 1992,
  volume =		 9,
  number =		 {373-386},
  added-by =	 {dawnsong},
  added-at =	 {Tue May  4 21:53:32 2004}
}

@Article{Blum95,
  author = 		 {A. Blum and L. Hellerstein and N. Littlestone},
  title = 		 {Learning in the presence of finitely or infinitely
                  many irrelevant attributes},
  journal = 	 {J. Comp. Syste. Sci.},
  year = 		 1995,
  volume =		 50,
  number =		 1,
  pages =		 {32-40},
  added-by =	 {dawnsong},
  added-at =	 {Tue May  4 21:54:51 2004}
}

@inproceedings{staniford:2002,
 author = {Stuart Staniford and Vern Paxson and Nicholas Weaver},
 title = {How to 0wn the {Internet} in your spare time},
 year = {2002},
 booktitle = {11th {USENIX} Security Symposium},
 added-by = {dbrumley},
 added-at = {Thu May  6 15:20:38 EDT 2004}
}

@inproceedings{chen:2003,
 author = {Zesheng Chen and Lixin Gao and Kevin Kwiat},
 title = {Modeling the spread of active worms},
 year = {2003},
 booktitle = {IEEE InfoCom 2003}
}

@inproceedings{baratloo:2000,
 author = {Arash Baratloo and Navjot Singh and Timothy Tsai},
 title = {Transparent Run-Time Defense Against Stack Smashing
 Attacks},
 year = {2000},
 booktitle = { {USENIX} Annual Technical Conference 2000},
 comment = {LibSafe Paper}
}

@misc{libformat:2001,
 author = {Tim J Robbins},
 title = {libformat},
 year = {2001},
 howpublished = {\url{http://www.securityfocus.com/tools/1818}}
}

@misc{conversation:2001,
 author = {{CERT/CC}},
 title = {private conversation on new SSH exploits},
 year = {2001}
}


@misc{cert:ssh,
 author = {{CERT/CC}},
 title = {CERT Incident Note IN-2001-12},
 year = {2001},
 howpublished =
 {\url{http://www.cert.org/incident_notes/IN-2001-12.html}}
}

@inproceedings{feng:2003,
	author = "Henry Hanping Feng and Oleg M. Kolesnikov
		and Prahlad Fogla and Wenke Lee and Weibo Gong",
	title = "Anomaly Detection Using Call Stack Information",
	month = "May",
	year = 2003,
	booktitle = "Proceedings of the IEEE Symposium on Security and Privacy",
}

@inproceedings{giffin:2002,
	author = "Jonathon T. Giffin and Somesh Jha and Barton P. Miller",
	title = "Detecting manipulated remote call streams",
	month = "August",
	year = "2002",
	booktitle = "Proceedings of the 11th USENIX Security Symposium",
}

@inproceedings{giffin:2004,
	author = "Jonathon T. Giffin and Somesh Jha and Barton P. Miller",
	title = "Efficient Context-Sensitive Intrusion Detection",  
	month = "February",
	year = 2004,
	booktitle = "Proceedings of the 11th Network and Distributed 
		System Security Symposium",	
}

@inproceedings{provos:2003,
	author = "Niels Provos",
	title = "Improving host security with system call policies",
	booktitle = "Proceeding of the 12th USENIX Security Symposium",
	month = "August",
	year =  2003,
}

@inproceedings{sekar:2001,
	author = "R.~Sekar and M.~Bendre and D.~Dhurjati and P.~Bollineni",
	title = "A fast automaton-based method for detecting anomalous 
		program behaviors",
	booktitle = "Proceedings of the 2001 IEEE Symposium on Security
		and Privacy", 
	month = "May",
	year = 2001,
}

@inproceedings{sekar:2003,
	author = "R.~Sekar and V.~Venkatakrishnan and S.~Basu and S.~Bhatkar
		and D.~Duvarney",
	title = "Model-carrying code: a practical approach for safe
		execution of untrusted applications",
	booktitle = "The ACM Symposium on Operating Systems Principles",
	month = "October",
	year = "2003",
}

@InProceedings{FoHoSoLo1996,
 author =       {S. Forrest and S. Hofmeyr and A. Somayaji and T.
Longstaff},
 title =        {A sense of self for {U}nix processes},
 booktitle =    {Proceedings of the 1996 IEEE Symposium on Security and
Privacy},
 pages =        {120--128},
 year =         1996,
 month =        may,
 added-by =     {avi},
 added-at =     {Fri May  7 21:45:00 2004}
}

@TechReport{WagnerJanus1999,
 author =       {D. Wagner},
 title =        {Janus: An Approach for Confinement of Untrusted
Applications},
 institution =  {Department of Computer Science, University of California
at Berkeley},
 year =         1999,
 number =       {CSD-99-1056},
 month =        aug,
 added-by =     {avi},
 added-at =     {Fri May  7 21:46:00 2004}
}

@InProceedings{WagnerDean2001,
 author =       {D. Wagner and D. Dean},
 title =        {Intrusion Detection via Static Analysis},
 booktitle =    {Proceedings of the 2001 IEEE Symposium on Security and
Privacy},
 pages =        {156--168},
 year =         2001,
 month =        may,
 added-by =     {avi},
 added-at =     {Fri May  7 21:47:00 2004}
}




@inproceedings{engler:2001,
title = {Bugs as Deviant Behavior: A General Approach to Inferring
Errors in Systems Code},
author = {Dawson Engler and David Chen and Seth Hallem and Andy Chou
and Benjamin Chelf},
year = {2001},
booktitle = {Symposium on Operating System Principles}
}

@inproceedings{larochelle:2001,
 author = {David Larochelle and David Evans},
 title = {Statically Detecting Likely Buffer Overflow
 Vulnerabilities},
 year = {2001},
 booktitle = {10th {USENIX} Security Symposium}
}

@inproceedings{wagner:2000,
 author = {David Wagner and Jeffrey Foster and Eric Brewer and
 Alexander Aiken},
 title = {A First Step Towards Automated Detection of Buffer Overrun
 Vulnerabilities},
 year = {2000},
 booktitle = {{ISOC} Symposium on Network and Distributed System
 Security}
}

@inproceedings{pointguard,
 title = { {PointGuard}: Protecting pointers from buffer overflow
 vulnerabilities},
  author = {Crispin Cowan and Steve Beattie and John Johansen and
 Perry Wagle},
  year = {2003},
  booktitle = {12th {USENIX} Security Symposium}
}

@misc{nessus,
 title = {Nessus},
  author = {Renaud Deraison},
  year = {2004},
  howpublished = {\url{www.nessus.org}}
}

@inproceedings{paxson:2003,
 title = {Inside the Slammer worm},
 author = {David Moore and Vern Paxson and Stefan Savage and Colleen
 Shannon and Stuart Staniford and Nicholas Weaver},
 booktitle = {IEEE Security and Privacy},
 volume = "1",
 issue = "4",
 year = {2003}
}

@inproceedings{moore,
 title = {Internet Quarantine: Requirements for Containing
 Self-propagating code},
 author = {David Moore and Colleen Shannon and Geoffrey Voelker and
 Stefan Savage},
 year = {2003},
 booktitle = {2003 IEEE Infocom Conference}
}

@misc{ftpd_vuln,
 title = {J-065: Wu-ftpd vulnerability},
 author = {CIAC},
 howpublished ={\url{http://www.ciac.org/ciac/bulletins/j-065.shtml}},
 year = {1999}
}

@misc{ethereal,
 title = {Ethereal},
 author = {Ethereal development team},
 howpublished ={\url{www.ethereal.com}}
}

@inproceedings{newsome_polygraph:2005,

 author = {James Newsome and Brad Karp and Dawn Song},

 title = {Polygraph: Automatically generating signatures for
 polymorphic worms},

 booktitle = {Proceedings of the {IEEE} Symposium on Security and
 Privacy},
 year = {2005},
 month = {May}
}

@inproceedings{newsome_taintcheck:2005,
 author = {James Newsome and Dawn Song},
 title = {Dynamic taint analysis for automatic detection, analysis,
 and signature generation of exploits on commodity software},
 booktitle = {Proceedings of the 12th Annual Network and Distributed
 System Security Symposium ({NDSS})},
 year = {2005},
 month = {February}
}



@inproceedings{ckl_cbmc:2004,
  AUTHOR    = { Clarke, Edmund
                and Kroening, Daniel
                and Lerda, Flavio },
  TITLE     = { A Tool for Checking {ANSI-C} Programs },
  BOOKTITLE = { Tools and Algorithms for the Construction and Analysis of Systems (TACAS 2004) },
  YEAR      = { 2004 },
  PUBLISHER = { Springer },
  PAGES     = { 168--176 },
  ISBN      = { 3-540-21299-X },
  SERIES    = { Lecture Notes in Computer Science },
  VOLUME    = { 2988 },
  EDITOR    = { Kurt Jensen and Andreas Podelski },
}

@inproceedings{gsjrb:icse05,
  AUTHOR = {V. Ganapathy and S. A. Seshia and S. Jha and T. W. Reps
  and R. E. Bryant}, 
  TITLE = {Automatic Discovery of API-Level Exploits},
  BOOKTITLE = {Proceedings of 27th International Conference on
  Software Engineering ({ICSE})},
  MONTH = "May",
  YEAR = "2005",
}

@misc{bind-exploit,
 author = {{CERT/CC}},
 title = { {ISC} {BIND} 8 contains buffer overflow in transaction
 signature {TSIG} handling code},
  howpublished = {\url{http://www.kb.cert.org/vuls/id/196945}}
}

@misc{http-protocol,
 author = {R. Fielding and J. Mogul and H. Frystyk and L. Masinter and
 T. Berners-Lee},
 title = {RFC 2616 - Hyper Text Protocol -- {HTTP}/1.1},
 howpublished =
 {\url{http://www.w3.org/Protocols/rfc2616/rfc2616.html}}
}

@misc{tsig-protocol,
 author = {Paul Vixie and O. Gudmundsson and D. Eastlake and B
 Wellington},
 title = {{RFC} 2845: Secret Key Transaction Authentication for DNS ({TSIG})},
 howpublished = {\url{http://www.ietf.org/rfc/rfc2845.txt}}
}


@inproceedings{kruegel_disassemble:2004,
 author = {Christopher Kruegel and William Robertson and Fredrik
 Valeur and Giovanni Vigna},
 title = {Static Disassembly of Obfuscated Binaries},
 booktitle = { Proceedings of the 13th {USENIX} Security Symposium},
 year = {2004}
}

@misc{bind,
 author = {Internet Systems Consortium},
 title = {BIND version 8},
 howpublished = {\url{www.isc.org}}
}

@inproceedings{suh_flowtracking:2004,
author = "G. Edward Suh and Jaewook Lee and Srinivas Devadas",
title = "Secure Program Execution via Dynamic Information Flow Tracking",
booktitle = "Proceedings of ASPLOS",
year = 2004
}

@misc{dynamorio,
	title = {DynamoRIO},
	howpublished = {\url{http://www.cag.lcs.mit.edu/dynamorio/}}
}

@inproceedings{mihai_semantics:2005,
 author = {Mihai Christodorescu and Somesh Jha and Sanjit Seshia and
 Dawn Song and Randal Bryant},
 title = {Semantics-aware malware detection},
 booktitle = {Proceedings of the 2005 {IEEE} Security and Privacy
 Conference},
 year = {2005}
}

@inproceedings{can02,
  author = {Sylvia Ratnasamy and Mark Handley and Richard Karp and Scott Shenker},
  title = {{Topologically-Aware Overlay Construction and Server Selection}},
  booktitle = {Proceedings of IEEE INFOCOM},
  year = 2002
}

@TechReport{pastry02,
  author =       {Miguel Castro and Peter Druschel and Y.C. Hu and Antony Rowstron},
  title =        {{Exploiting Network Proximity in Peer-to-peer Networks}},
  institution =  {Microsoft Research},
  number =       "MSR-TR-2002-82", 
  year =         2002
}

@InProceedings{chord,
  author =       {Ion Stoica and Robert Morris and David Karger and 
                  Frans Kaashoek and Hari Balakrishnan},
  title =        {{Chord: A Scalable Peer-to-peer Lookup Service for Internet Applications}},
  booktitle =    "Proceedings of the ACM SIGCOMM 2001",
  year =         2001,
  address =      {San Diego, CA, USA},
  month =        {August}
}
@TechReport{tapestry,
  author =       {B.Y. Zhao and K.D. Kubiatowicz and A.D. Joseph},
  title =        {{Tapestry: An Infrastructure for Fault-Resilient
                  Wide-Area Location and Routing}},
  institution =  {University of California at Berkeley},
  number =       "UCB//CSD-01-1141", 
  month =        {April},
  year =         2001
}



@Article{symbolic-analysis,
   editor = "Steven S. Muchnick and Neil D. Jones",
  title = {Symbolic Evaluation Methods for Program Analysis},
  author = {Lori Clarke and Debra Richardson},
   booktitle = "Program Flow Analysis: Theory and Applications",
   year = 1981
}

@techreport{xie:2002,
  author = "Yichen Xie and Andy Chou",
  title = "Path Sensitive Program Analysis Using Boolean Satisfiability",
  institution = {Stanford},
  year = 2002,
  month = nov
}

@inproceedings{xie:2005,
  author = {Yichen Xie and Alex Aiken},
 title = {Scalable Error Detection Using Boolean Satisfiability},
 booktitle = {Principles of Programming Languages ({POPL})},
 year = {2005}
}

@inproceedings{rayadurgam:2001,
  author = {Sanjai Rayadurgam and  Mats P. E. Heimdahl},
  title = { Coverage Based Test-Case Generation Using Model Checkers},
 booktitle = {Eighth annual {IEEE} international conference and
  workshop on the engineering of computer based systems},
 year = {2001}
}


@inproceedings{vigilante,
	author = "Manuel Costa and Jon Crowcroft and Miguel Castro and Antony Rowstron",
	title = "Can we contain Internet worms?",
	booktitle = "{HotNets 2004}",
	year = 2004
}
@article{horowitzInterprocedural:1990,
 author = {S Horwitz and T Reps and D Binkley},
 title = {Interprocedural slicing using dependence graphs},
 journal = { {ACM} Transactions on Programming Languages and Systems},
 year = {1990},
 Volume = {12}
}
@inproceedings{kruegelRAID:2005,
 author = {Christopher Kruegel and Engin Kirda and Darren Mutz and
	William Robertson and Giovanni Vigna},
 title = {Polymophic Worm Detection using structural information of
	executables},
 howpublished = {Rapid Advances in Intrusion Detection ({RAID})},
 year = {2005}
}

@inproceedings{BLAST,
title="Software Verification with {Blast}",
author="Thomas A. Henzinger and  Ranjit Jhala and  Rupak Majumdar and Gregoire Sutre", 
booktitle="Proceedings of the 10th SPIN Workshop on Model Checking Software (SPIN)", 
year="2003"}

@inproceedings{SLAM,
title="Automatic Predicate Abstraction of {C} Programs", 
author="T. Ball and  R. Majumdar and  T. Millstein and  S. K. Rajamani", 
booktitle="Programming Language Design and Implementation (PLDI)",
year="2001"}


@inproceedings{Reps:chopping:95, 
author="T. Reps and G. Rosay", 
title="Precise interprocedural chopping", 
booktitle="Proceedings of the Third ACM SIGSOFT Symposium on the Foundations of Software Engineering", 
year="1995"}

@inproceedings{Jackson:chopping:94,
author="D. Jackson and E.J. Rollins", 
title="Chopping: A generalisation of slicing",
booktitle="Proceedings of the Second ACM SIGSOFT Symposium on the Foundations of Software Engineering", 
year="1994"}

@article{Sistla:JACM:85,
author="A. Prasad Sistla and Edmund M. Clarke",
title="The Complexity of Propositional Linear Temporal Logics",
journal="Journal of the ACM",
volume="32",
number="3", 
pages="733--749", 
year="1985"}

@book{Clarke:book,
author="E.M. Clarke and O. Grumberg and D.A. Peled",
title="Model Checking",
publisher="The MIT Press",
year="1999"}

@inproceedings{PDS,
author="A. Bouajjani and  O. Maler",  
title="Reachability Analysis of Pushdown Automata", 
booktitle="Proceedings of the  International Workshop on Verification of Infinite-State Systems  (Infinity'96)", 
address="Pisa (Italy)", 
year="1996"}

@book{Muchnick:book,
author="S.S. Muchnick",
title="Advanced Compiler Design and Implementation",
publisher="Academic Press",
year="1997"}

@article{sandonNSTRACE:1997,
 title = {NSTrace: A bus-driven instruction trace tool for PowerPC
 microprocessors},
 author = {P. A. Sandon and Y.C. Liao and T.E. Cook and D.M. Schultz
 and P Martin-de-Nicolas},
  year = {1997},
 journal = { {IBM} Journal of Research and Development},
 volume = {41},
 number = {3},
 page = {331}
}

@inproceedings{boschEUROMICRO:1997,
 title = {Complete x86 instruction trace generation from hardware bus
 collect},
  author = {P Bosch and A Carloganu and D Etiemble},
 year = {1997},
 booktitle = {23rd {IEEE} {EUROMICRO} Conference}
}
@InProceedings{newsomeVSEF:2006,
  author = 	 {James Newsome and David Brumley and Dawn Song and
  Jad Chamcham and Xeno Kovah},
  title = 	 {Vulnerability-Specific Execution Filtering for
  Exploit Prevention on Commodity Software},
  booktitle = {Proceedings of the $13^{th}$ Annual Network and
  Distributed System Security Symposium ({NDSS})},
  year = 	 {2006},
}
@inproceedings{milenkovicPDCS:2003,
 author = {Aleksandar Milenkovic and Milena Milenkovic and Jeffrey
 Kulick},
 title = {N-Tuple Compression: A Novel method for compression of
 branch instruction traces},
 year = {2003},
 booktitle = {Proceedings of the $16^{th}$ international conference on
 parallel and distributed computing},
}

@article{uhligSURVEY:1997,
 author = {Richard A Uhlig and Trevor Mudge},
 title = {Trace-driven memory simulation: a survey},
 year = {1997},
 journal = { {ACM} Computing Surveys},
 volume = {29},
 issue = {2}, 
}
@misc{signature-categories,
title="{Signature Categories}",
note={\sloppy{\footnotesize\tt http://www.nfr.com/newsletter/SignatureCategories.htm}},
author="NFR"}

@article{Ilgun:95,
author="K. Ilgun and  R. A. Kemmerer and  P. A. Porras",
title="State Transition Analysis: A Rule-Based Intrusion Detection Approach", 
journal="IEEE Transactions on Software Engineering", 
volume="21",
number="3", 
pages="181--199",
year="1995"}

@Book{hmu_automata:2001,
  author = 	 {John Hopcroft and Rajeev Motwani and Jeffrey Ullman},
  ALTeditor = 	 {},
  title = 	 {Introduction to automata theory, langauges, and computation},
  publisher = 	 {Addison-Wesley},
  year = 	 {2001},
}


@inproceedings{ibarra:1980,
  author = 	 {Oscar Ibarra and Brian Leininger},
  title = 	 {The Complexity of the Equivalence Problem for
  Straight-line Programs},
  year = {1980},
  booktitle = {Proceedings of the $12^{th}$ annual {ACM} symposium on
  Theory of Computing}
}

@article{ibarra:1983,
  author = {Oscar Ibarra and Shlomo Moran},
  title = {Probabilistic Algorithms for Deciding Equivalence of
  Straight-line Programs},
  year = {1983},
  journal = {Journal of the {ACM}},
  volume = {30},
  issue = {1},
  pages = {217-228},
}

@article{king:1976,
 author = {James King},
 title = {Symbolic execution and program testing},
 year = {1976},
 volume = {19},
 journal = {Communications of the {ACM}},
 issue = {7},
 pages = {386-394}
}

@article{weiser:1982,
 author = {Mark Weiser},
 year = {1982},
 title = {Programmers use slices when debugging},
 journal = {Communications of the {ACM}},
  volume = {25},
  issue = {7},
 pages = {446-452},
}
@techreport{detlefsSIMPLIFY:2003,
 author = {David Detlefs and Greg Nelson and James Saxe},
 institution = { {HP} Labs},
 year = {2003},
 title ={Simplify: A theorem prover for program checking},
 number = {HPL-2003-148}
}

@InProceedings{christensenSTRINGS:2003,
  author =       {Aske Simon Christensen and Anders M\o{}ller and Michael I. Schwartzbach},
  title =        {Precise Analysis of String Expressions},
  booktitle =    {Proc. 10th International Static Analysis Symposium, SAS~'03},
  year =         {2003},
  month =        {June},
  volume =       {2694},
  series =       {LNCS},
  publisher =    {Springer-Verlag},
  pages =        {1--18},
  note =         {Available from \texttt{\small http://www.brics.dk/JSA/}},
}

@inproceedings{christodorescuSTRINGS:2005,
 author = {Mihai Christodorescu and Nicholas Kidd and Wen-Han Goh},
 title = {String Analysis in x86 Binaries},
 year = {2005},
 booktitle = {Proceedings of the $6^{th}$ {ACM}  Workshop on
Program Analysis for Software Tools and Engineering {PASTE}}
}


@Book{mohriBOOK:2001,
  author = 	 {Mehryar Mohri and Mark-Jan Nederhof},
  ALTeditor = 	 {},
  title = 	 {Robustness in Language and Speech Technology},

  chapter = 	 {Chapter 9: Regular Approximation of Context-Free Grammars
  through Transformation},
  year = 	 {2001},
  publisher = {Kluwer Academic Publishers},
  OPTkey = 	 {},
  OPTvolume = 	 {},
  OPTnumber = 	 {},
  OPTseries = 	 {},
  OPTaddress = 	 {},
  OPTedition = 	 {},
  OPTmonth = 	 {},
  OPTnote = 	 {},
  OPTannote = 	 {}
}

@article{cousotABS:1977,
 author = {Patrick Cousot and Radhia Cousot},
 year = {1977},
 title = {Abstract interpretation: a unified lattice model for static
 analysis of programs by construction or approximation of fixpoints},
 booktitle = {Proceedings $4^{th}$ {ACM} Symposium on Principles of
 Programming Languages ({POPL})},
 month = "Jan"
}


@inproceedings{costaVIGILANTE:2005,
 author = {Manuel Cost and Jon Crowcroft and Miguel Castro and Antony
 Rowstron and Lidong Zhou and Lintao Zhang and Paul Barham},
 title = {Vigilante: End-to-End Containment of Internet Worms},
 booktitle = {$20^{th}$ {ACM} Symposium on Operating System
 Principles ({SOSP} 2005)},
  year = {2005}
}



@inproceedings{lukPIN:2005,
 author = {Chi-Keung Luk and Robert Cohn and Robert Muth and Harish
 Patil and  Artur Klauser and Geoff Lowney and  Steven Wallace and
 Vijay Janapa Reddi and  Kim Hazelwood},
 title = {Pin: Building Customized Program Analysis Tools with Dynamic
 Instrumentation},
 booktitle = {Proc. of 2005 Programming Language Design and
 Implementation (PLDI) conference},
 year = {2005},
 month = {june}
}

@inproceedings{hickeyINTERVAL:1998,
 author = {T Hickey and H Wu and M.H. van Emdem},
 title = {A Unified Framework for Interval Constraint and Interval
 Arithmetic},
 year = {1998},
 booktitle = {Principles and Practice of Constraint Programming --
 CP98},
 howpublished ={\url{http://interval.sf.net}}
}

@inproceedings{gotliebCLP:2000,
 title = {A CLP Framework for Computing Structural Test Data},
 author = {Arnaud Gotlieb and Bernard Botella and Michael Rueher},
 year = {2000},
 booktitle = {First International Conference on Computational Logic},
}

@inproceedings{gotlieb:1998,
 author = {Arnaud Gotlieb and Bernard Botella and Michael Rueher},
 title = {Automatic Test Data Generation using Constraint Solving
 Techniques},
 year = {1998},
 booktitle = {{ACM} Symposium on Software Testing and Analysis},
}

@inproceedings{guptaITERATIVE:1998,
  author = {Neelam Gupta and Aditya Mathur and Mary Lou Soffa},
 title = {Automated Test Data Generation Using An Iterative Relaxation
  Method},
 year = {1998},
 booktitle = {{ACM} {SIGSOFT} Symposium on Foundations of Software
  Engineering},
}

@inproceedings{bryantUCLID:2002,
 title = {Modeling and Verifying Systems using a Logic of Counter
 Arithmetic with Lambda Expressions and Uninterpreted Functions},
 author = { Randal E. Bryant and Shuvendu K. Lahiri and Sanjit
 A. Seshia},
 booktitle = {Proc. Computer-Aided Verification ({CAV})},
 year = {2002},
}

@article{jaffarCLPSURVEY:1994,
 title = {Constraint Logic Programming: A Survey},
 year = {1994},
 author = {Joxan Jaffar and Michael Maher},
 journal = {Journal of Logic Programming},
 misc = {\url{http://citeseer.ist.psu.edu/334926.html}}
}


@article{hentenryckCLPSURVEY:1996,
 author = {Pascal Van Hentenryck and Vijay Saraswat},
 title = {Strategic directions in constraint programming},
 year = {1996},
 journal = { {ACM} Computing Surveys},
  volume = {28},
 issue = {4},
 pages = {701 - 726}
}

@book{appelBOOK:1998,
 author = {Andrew Appel},
 title = {Modern Compiler Implementation in {ML}},
 year = {1998},
 publisher = {Cambridge University Press}
}

@book{dragonbook:1986,
 author = {Alfred Aho and Ravi Sethi and Jeffrey Ullman},
 title = {Compilers: Principles, Techniques, and Tools},
 year = {1986}, 
 publisher = {Addison-Wesley Publishing Company},
}

@inproceedings{crandallDAKOTA:2005,
 author = {Jedidiah Crandall and Zhendong Su and S. Felix Wu and
 Frederic Chong},
 title = {On deriving unknown vulnerabilities from zero-day
 polymorphic and metamorphic worm exploits},
 year = {2005},
 booktitle = {Proc. 12th {ACM} Conference on Computer and
 Communications Security ({CCS})}
}

@inproceedings{liangCOVERS:2005,
 author = {Zhenkai Liang and R. Sekar},
 title = {Fast and Automated Generation of Attack Signatures: A Basis
 for Building Self-protecting servers},
 year = {2005},
 booktitle = {Proc. of the 12th {ACM} Conference on Computer and
 Communications Security ({CCS})}
}
@book{pierceBOOK:2002,
 author = {Benjamin C Pierce},
 title = {Types and Programming Languages},
 year = {2002},
 publisher = {The {MIT} Press}
}

@inproceedings{chenSECURITY:2005,
 author = {Shuo Chen and Jun Xu and Emre Sezer and Prachi Gauriar and
 Ravi Lyer},
 title = {Non-Control-Data Attacks are  Realistic Threats},
 booktitle = {Proc. {USENIX} Security Symposium},
 year = {2005}
}

@article{bonehRSAERROR:2001,
 author = {David Boneh and Richard DeMillo and Richard Lipton},
 title ={On the importance of eliminiating errors in cryptographic
 computations},
 year = {2001},
journal = {Journal of Cryptology},
 volume = {14},
 issue = {2},
 pages = {101-119}
}

@inproceedings{sidiroglouISC:2005,
  author = {Stelios Sidiroglou and Giannis Giovanidis and Angelos
  D. Keromytis}, 
  title = {A Dynamic Mechanism for Recovering from Buffer Overflow
  Attacks},
  booktitle = {Proceedings of the 8th Information Security Conference
  ({ISC})},
  year = {2005}
}

@article{sidiroglouIEEE:2005,
 title = {Countering Network Worms Through Automatic Patch
 Generation},
 author = {Stelios Sidiroglou and Angelos D. Keromytis},
 journal = { {IEEE} Security and Privacy},
  year = {2005}
}

@inproceedings{sidiroglouUSENIX:2005,
 author = {Stelios Sidiroglou and Michael E. Locasto and Stephen
 W. Boyd and Angelos D. Keromytis},
title = {Building a Reactive Immune System for Software Services},
 year = {2005},
 booktitle = {{USENIX} Annual Technical Conference}
}

@inproceedings{rinardFailure:2004,
 author = {Martin Rinard and Cristian Cadar and Daniel Dumitran and
 Daniel Roy and Tudor Leu and William Beebee Jr.},
 title = {Enhancing server availability and security through
 failure-oblivious computing},
 booktitle = { Operating System Design \& Implementation ({OSDI})},
 year = {2004}
}

@inproceedings{xuCCS:2005,
  author = {Jun Xu and Peng Ning and Chongkyung Kil and Yan Zhai and
 Chris Bookholt},
 title = {Automatic Diagnosis and Response to Memory Corruption
 Vulnerabilities},
 booktitle = {Proc. of the $12^{th}$ {ACM} Conference on Computer and
 Communication Security ({CCS})},
 year = {2005}

}
@inproceedings{kildall:1973,
 author = {Gary Kildall},
 title = {A Unified Approach to Global Program Optimization},
 booktitle = {1st {ACM} Symposium on Principles of Programming
 Languages ({POPL})},
 year = {1973}
}
@misc{cerrudoMSPATCH:2005,
 author = {Cesar Cerrudo},
 title = {Story of a dumb patch},
 year = {2005},
 howpublished = {\url{http://argeniss.com/research/MSBugPaper.pdf}}
}
@TechReport{brumleyWORMS:2005,
  author =       {David Brumley and Li-Hao Liu and Pongsin Poosank and
  Dawn Song},
  title =        {Design Space and Analysis of Worm Defense Systems},
  institution =  {Carnegie Mellon University},
  year =         {2005},
  OPTkey =       {},
  OPTtype =      {},
  OPTnumber =    {CMU-CS-05-156},
  OPTaddress =   {},
  OPTmonth =     {},
  OPTnote =      {},
  OPTannote =    {}
}
@misc{slammercost,
 title = {Counting the cost of the Slammer worm},
 howpublished = {\url{http://news.com.com/2100-1001-982955.html}},
 year = {2003},
 author = {Robert Lemos}
}
@inproceedings{bourdoncle:1993,
author = "F. Bourdoncle",
title = "Efficient Chaotic iteration strategies with widenings",
booktitle = "Proceedings of the International Conference on Formal methods in Programming and their applications (LNCS 735)",
year = "1993"
}
@misc{metasploit,
 title = {Metasploit},
 howpublished = {\url{http://metasploit.org}}
}

@inproceedings{godefroid:2005,
 author = {Patrice Godefroid and Nils Klarlund and Koushik Sen},
 title = { {DART}: Directed Automated Random Testing},
 booktitle = {Proc. of the 2005 Programming Language Design and
 Implementation Conference ({PLDI})},
 year = {2005}
}
@inproceedings{barnett:2005,
 author = {Mike Barnett and K. Rustan M. Leino},
 title = {Weakest-Precondition of Unstructured Programs},
 year = {2005},
 booktitle = { {PASTE}}
}

@inproceedings{norvell:1994,
 author = {T. Norvell},
 title = {Machine code programs are predicates too},
 year = {1994},
 howpublished = {Sixth Refinement Workshop, Workshops in Computing}
}

@inproceedings{watson:2003,
 author = {Geoffrey Watson and Colin Fidge},
 title = {A Partial-Correctness Semantics for Modelling Assembler
 Programs},
 year = {2003},
 booktitle = {Proc. of the First Conference on Software Engineering
 and Formal Methods ({SEFM})}
}



@Article{leino:IPL:2005,
  author = 	 {K. Rustan M. Leino},
  title = 	 {Efficient weakest preconditions},
  journal = 	 {Information Processing Letters ({IPL})},
  year = 	 {2005},
  volume = 	 {93},
  number = 	 {6},
}


@InProceedings{BarrettBerezin04,
  author =       {Clark Barrett and Sergey Berezin},
  title =        {{CVC} {L}ite: A New Implementation of the Cooperating Validity
 Checker},
  crossref =     {CAV2004},
  OPTpages =     {},
}

@proceedings{CAV2004,
  editor    = {Rajeev Alur and Doron A. Peled},
  title     = {Computer Aided Verification, 16th International Conference, CAV
               2004, Boston, Massachusetts, USA, July 13-17, 2004, Proceedings},
  booktitle = {CAV},
  publisher = {Springer},
  series    = {Lecture Notes in Computer Science},
  OPTvolume    = {},
  year      = {2004},
  OPTisbn      = {},
}

@Manual{x86:vol1,
  title = 	 {{IA}-32 Intel Architecture Software Developer's
Manual: Volume 1, Basic Architecture},
  OPTkey = 	 {},
  OPTauthor = 	 {},
  OPTorganization = {},
  OPTaddress = 	 {},
  OPTedition = 	 {},
  OPTmonth = 	 {},
  year = 	 {2004},
  OPTnote = 	 {vol1.pdf},
  OPTannote = 	 {}
}


@book{dijkstra:1976,
author="E.W. Dijkstra",
title="A Discipline of Programming",
publisher="Prentice Hall",
address="Englewood Cliffs, NJ",
year="1976"
}

@book{cohen:1990,
 author = {Edward Cohen},
 title = {Programming in the 1990's},
 publisher = {Springer-Verlag},
 year = {1990},
 editor = {David Gries}
}

@inproceedings{FlanaganPOPL:2001,
author="C. Flanagan and J.B. Saxe",
title="Avoiding Exponential Explosion: Generating Compact Verification Conditions",
booktitle="Proceedings of the 28th ACM Symposium on the Principles of Programming Languages (POPL)",
year="2001"
}

@article{LeinoIPL:2005,
author="K. Rustan M. Leino",
title="Efficient weakest preconditions", 
journal="Information Processing Letters", 
volume="93",
number="6", 
pages="281--288",
year="2005"}

@misc{misc:bfd,
 author = {{GNU} Software Foundation},
 title = {{LIB BFD}, The Binary File Descriptor Library},
 howpublished =
 {\url{http://www.gnu.org/software/binutils/manual/bfd-2.9.1/bfd.html}}
}

@misc{misc:tinyelf,
 author = {Brian Raiter},
title = {A Whirlwind Tutorial on Creating Really Teensy ELF
 Executables for Linux},
howpublished =
 {\url{http://www.muppetlabs.com/~breadbox/software/tiny/teensy.html}},

}

@misc{misc:tisELF,
 author = { {TIS} Committee},
 title = {Tool Interface Standard ({TIS}) Executable and Linking
 Format ({ELF}) Specification},
 howpublished =
 {\url{ftp://tsx.mit.edu/pub/linux/packages/GCC/ELF.doc.tar.gz}},
 year = {1995}
}


 @Book{subversionbook,
  author = 	 {Ben Collins-Sussman and Brian W. Fitzpatrick and
  C. Michael Pilato},
  title = 	 {Version Control with Subversion},
  publisher = 	 {O'Reilly},
  year = 	 {2007},
  howpublished = {\url{http://svnbook.red-bean.com/}},
  OPTkey = 	 {},
  OPTvolume = 	 {},
  OPTnumber = 	 {},
  OPTseries = 	 {},
  OPTaddress = 	 {},
  OPTedition = 	 {},
  OPTmonth = 	 {},
  OPTnote = 	 {},
  OPTannote = 	 {}
}

